side,qty,rate,time
2,80.0,100000000,2026-03-30 23:13:42.678
2,40.0,31860,2026-03-30 18:02:52.096
2,40.0,31850,2026-03-30 17:55:50.686
2,40.0,31660,2026-03-30 17:44:26.401
2,40.0,31410,2026-03-30 22:15:43.608
2,40.0,31410,2026-03-30 23:03:59.378
2,40.0,31390,2026-03-30 18:34:54.838
2,40.0,31390,2026-03-31 13:55:55.309
2,40.0,31380,2026-03-31 14:36:19.051
2,40.0,31380,2026-03-31 14:24:25.145
2,40.0,31360,2026-03-30 22:08:40.598
2,40.0,31360,2026-03-31 14:30:20.142
2,40.0,31340,2026-03-30 21:55:35.586
2,40.0,31340,2026-03-30 20:49:15.908
2,40.0,31330,2026-03-30 21:43:48.064
2,40.0,31320,2026-03-30 22:58:04.249
2,40.0,31320,2026-03-30 21:30:10.641
2,40.0,31280,2026-03-30 23:23:04.763
2,40.0,31270,2026-03-30 22:45:37.585
2,40.0,31260,2026-03-30 22:27:55.494
2,40.0,31260,2026-03-30 23:14:59.865
2,40.0,31250,2026-03-31 00:23:25.951
2,40.0,31220,2026-03-30 23:36:24.476
2,40.0,31200,2026-03-31 00:04:28.067
2,40.0,31200,2026-03-30 23:47:47.836
2,40.0,31100,2026-03-31 01:21:05.363
2,40.0,31080,2026-03-31 00:48:12.232
2,40.0,31030,2026-03-31 15:06:55.492
2,40.0,30960,2026-03-31 14:54:31.437
2,40.0,30880,2026-03-31 15:23:39.920
2,40.0,30650,2026-04-02 07:53:16.327
2,40.0,30650,2026-04-01 13:35:05.501
2,40.0,30650,2026-04-01 15:25:12.292
2,40.0,30640,2026-04-01 21:11:28.300
2,40.0,30640,2026-04-01 14:03:40.689
2,40.0,30640,2026-04-01 22:34:33.715
2,40.0,30640,2026-04-02 14:45:07.453
2,40.0,30640,2026-04-01 15:09:11.073
2,40.0,30640,2026-04-01 21:26:52.673
2,40.0,30640,2026-04-01 23:02:19.476
2,40.0,30640,2026-04-01 15:32:18.091
2,40.0,30640,2026-04-01 13:51:34.802
2,40.0,30640,2026-04-01 13:06:02.920
2,40.0,30620,2026-04-02 15:12:08.327
2,40.0,30620,2026-04-01 23:12:48.217
2,40.0,30610,2026-04-01 13:42:07.095
2,40.0,30600,2026-04-01 13:23:08.485
2,40.0,30600,2026-04-01 13:57:29.665
2,40.0,30580,2026-03-31 15:55:21.918
2,40.0,30580,2026-03-31 17:17:55.438
2,40.0,30570,2026-03-31 18:56:50.458
2,40.0,30560,2026-03-31 20:14:18.806
2,40.0,30560,2026-03-31 20:04:16.095
2,40.0,30560,2026-04-01 13:29:07.947
2,40.0,30560,2026-03-31 19:52:24.466
2,40.0,30560,2026-03-31 20:08:06.738
2,40.0,30480,2026-03-31 20:19:25.388
2,40.0,30480,2026-03-31 20:29:43.494
2,40.0,30450,2026-03-31 20:47:41.374
2,40.0,30450,2026-04-01 13:10:57.530
2,40.0,30440,2026-04-01 13:16:55.496
2,40.0,30430,2026-03-31 20:53:22.496
2,40.0,30390,2026-03-31 21:53:18.620
2,40.0,30360,2026-03-31 21:54:58.769
2,40.0,30350,2026-04-01 16:38:37.473
2,40.0,30350,2026-04-02 16:11:34.609
2,40.0,30350,2026-04-02 16:55:46.476
2,40.0,30330,2026-04-02 17:14:46.012
2,40.0,30330,2026-04-02 17:07:53.741
2,40.0,30330,2026-04-02 16:56:59.333
2,40.0,30300,2026-04-02 17:15:27.626
2,40.0,30290,2026-04-02 17:19:39.764
2,40.0,30290,2026-04-02 17:42:13.178
2,40.0,30270,2026-04-02 21:26:40.003
2,40.0,30270,2026-04-02 21:13:34.516
2,40.0,30270,2026-04-02 21:45:20.935
2,40.0,30270,2026-04-02 18:00:47.620
2,40.0,30270,2026-04-02 19:51:13.653
2,40.0,30270,2026-04-02 17:53:55.693
2,40.0,30250,2026-04-02 22:11:42.573
2,40.0,30240,2026-04-02 23:00:37.824
2,40.0,30240,2026-04-02 22:48:20.116
2,40.0,30220,2026-04-03 00:03:59.748
2,40.0,30220,2026-04-02 23:31:17.849
2,40.0,30210,2026-04-03 00:12:05.462
2,40.0,30090,2026-04-03 00:53:24.780
2,40.0,30070,2026-04-03 12:58:41.868
2,40.0,30070,2026-04-05 15:02:33.225
2,40.0,30070,2026-04-04 17:38:26.491
2,40.0,30070,2026-04-03 02:11:28.753
2,40.0,30070,2026-04-05 08:51:50.977
2,40.0,30070,2026-04-04 17:03:27.871
2,40.0,30070,2026-04-04 17:52:29.042
2,40.0,30070,2026-04-04 17:28:25.618
2,40.0,30060,2026-04-05 08:07:47.427
2,40.0,30060,2026-04-04 21:01:42.009
2,40.0,30060,2026-04-05 08:02:06.012
2,40.0,30060,2026-04-04 23:10:47.717
2,40.0,30060,2026-04-05 15:26:08.426
2,40.0,30050,2026-04-05 20:52:07.931
2,40.0,30050,2026-04-05 21:20:39.012
2,40.0,30050,2026-04-05 21:03:15.824
2,40.0,30050,2026-04-05 15:31:28.515
2,40.0,30050,2026-04-05 22:45:55.035
2,40.0,30040,2026-04-06 00:00:34.015
2,40.0,30040,2026-04-05 23:15:25.610
2,40.0,30000,2026-04-06 16:53:27.524
2,40.0,29790,2026-04-06 17:50:26.703
2,40.0,29790,2026-04-06 17:46:31.510
2,40.0,29790,2026-04-06 16:52:35.905
2,40.0,29780,2026-04-06 15:57:13.724
2,40.0,29780,2026-04-06 16:38:06.463
2,40.0,29780,2026-04-06 18:09:38.119
2,40.0,29780,2026-04-06 18:20:55.131
2,40.0,29770,2026-04-06 19:07:54.769
2,40.0,29770,2026-04-06 18:35:58.297
2,40.0,29760,2026-04-06 19:14:17.686
2,40.0,29760,2026-04-06 19:08:50.860
2,40.0,29760,2026-04-06 19:22:55.459
2,40.0,29710,2026-04-06 19:32:50.707
2,40.0,29640,2026-04-06 20:11:42.790
2,40.0,29620,2026-04-06 21:12:03.431
2,40.0,29620,2026-04-06 21:36:42.871
2,40.0,29620,2026-04-06 21:04:12.269
2,40.0,29620,2026-04-06 22:36:49.061
2,40.0,29560,2026-04-06 23:51:46.583
2,40.0,29550,2026-04-06 23:33:17.491
2,40.0,29550,2026-04-06 23:09:33.981
2,40.0,29520,2026-04-07 01:21:25.458
2,40.0,29520,2026-04-07 00:54:29.041
2,40.0,29500,2026-04-07 01:57:25.067
2,40.0,29370,2026-04-07 03:12:59.162
2,40.0,29340,2026-04-07 05:10:53.844
2,40.0,29330,2026-04-07 10:11:51.088
2,40.0,29310,2026-04-07 12:14:54.136
2,40.0,29310,2026-04-07 12:25:12.446
2,40.0,29270,2026-04-07 12:36:21.425
2,40.0,29250,2026-04-07 12:37:15.306
2,40.0,29240,2026-04-07 12:56:11.952
2,40.0,29230,2026-04-07 13:18:24.640
2,40.0,29230,2026-04-07 13:13:02.195
2,40.0,29120,2026-04-07 15:07:28.209
2,40.0,29120,2026-04-07 13:36:22.176
2,40.0,29120,2026-04-07 15:25:01.503
2,40.0,29120,2026-04-07 14:46:35.494
2,40.0,29080,2026-04-07 16:24:25.045
2,40.0,29080,2026-04-07 16:54:27.089
2,40.0,29080,2026-04-07 16:48:55.121
2,40.0,29080,2026-04-07 17:16:30.282
2,40.0,29080,2026-04-07 15:51:25.506
2,40.0,29080,2026-04-07 17:37:02.491
2,40.0,29070,2026-04-07 17:45:28.900
2,40.0,28560,2026-04-08 01:33:28.033
2,40.0,28420,2026-04-08 00:28:01.996
2,40.0,28410,2026-04-07 23:57:06.957
2,40.0,28410,2026-04-07 23:25:32.490
1,40.0,28190,2026-04-08 01:34:25.207
1,40.0,27990,2026-04-08 01:33:37.794
1,40.0,27980,2026-04-07 21:56:27.162
1,40.0,27950,2026-04-07 19:32:56.444
1,40.0,27940,2026-04-07 17:50:56.812
1,40.0,27940,2026-04-07 18:02:31.899
1,40.0,27920,2026-04-07 22:13:46.091
1,40.0,27900,2026-04-07 22:08:14.030
1,40.0,27880,2026-04-07 22:57:46.804
1,40.0,27860,2026-04-07 22:02:16.869
1,40.0,27850,2026-04-07 22:25:11.397
1,40.0,27850,2026-04-07 22:19:41.386
1,40.0,27840,2026-04-07 22:51:52.933
1,40.0,27840,2026-04-07 23:09:05.643
1,40.0,27840,2026-04-07 17:56:47.798
1,40.0,27840,2026-04-07 22:42:48.016
1,40.0,27760,2026-04-07 19:07:06.154
1,40.0,27720,2026-04-07 18:14:03.725
1,40.0,27710,2026-04-08 01:19:13.922
1,40.0,27700,2026-04-07 19:12:18.227
1,40.0,27700,2026-04-08 01:33:39.679
1,40.0,27690,2026-04-07 18:20:45.092
1,40.0,27690,2026-04-07 18:08:34.446
1,40.0,27690,2026-04-07 19:28:18.790
1,40.0,27670,2026-04-07 18:37:34.121
1,40.0,27670,2026-04-07 19:01:34.492
1,40.0,27670,2026-04-07 18:26:41.878
1,2000.0,620,2026-04-07 13:23:10.831
1,1880.0,610,2026-04-07 07:40:08.926
1,20000.0,590,2026-03-31 16:56:27.005
